<?xml version="1.0" encoding="UTF-8"?>
<Document xmlns="urn:iso:std:iso:20022:tech:xsd:pain.008.001.11">
    <CstmrDrctDbtInitn>
        <GrpHdr>
            <MsgId>MSG-001</MsgId>
            <CreDtTm>2026-03-13T10:30:00</CreDtTm>
            <NbOfTxs>1</NbOfTxs>
            <InitgPty>
                <Nm>Initiator Name</Nm>
            </InitgPty>
        </GrpHdr>

        <PmtInf>
            <PmtInfId>PMTINF-001</PmtInfId>
            <PmtMtd>DD</PmtMtd>
            <NbOfTxs>1</NbOfTxs>
            <CtrlSum>100.00</CtrlSum>
            <PmtTpInf>
                <SvcLvl>
                    <Cd>SEPA</Cd>
                </SvcLvl>
                <LclInstrm>
                    <Cd>CORE</Cd>
                </LclInstrm>
                <SeqTp>RCUR</SeqTp>
            </PmtTpInf>
            <ReqdColltnDt>2026-03-20</ReqdColltnDt>

            <Cdtr>
                <Nm>Creditor Name</Nm>
            </Cdtr>

            <CdtrAcct>
                <Id>
                    <IBAN>DE87200500001234567890</IBAN>
                </Id>
            </CdtrAcct>

            <CdtrAgt>
                <FinInstnId>
                    <BICFI>BANKDEFFXXX</BICFI>
                </FinInstnId>
            </CdtrAgt>

            <ChrgBr>SLEV</ChrgBr>

            <DrctDbtTxInf>
                <PmtId>
                    <EndToEndId>E2E-001</EndToEndId>
                </PmtId>

                <InstdAmt Ccy="EUR">100.00</InstdAmt>

                <DrctDbtTx>
                    <MndtRltdInf>
                        <MndtId>MANDATE-001</MndtId>
                        <DtOfSgntr>2026-03-01</DtOfSgntr>
                    </MndtRltdInf>
                </DrctDbtTx>

                <DbtrAgt>
                    <FinInstnId>
                        <BICFI>SPUEDE2UXXX</BICFI>
                    </FinInstnId>
                </DbtrAgt>

                <Dbtr>
                    <Nm>Debtor Name</Nm>
                </Dbtr>

                <DbtrAcct>
                    <Id>
                        <IBAN>DE21500500009876543210</IBAN>
                    </Id>
                </DbtrAcct>

                <RmtInf>
                    <Ustrd>Test remittance</Ustrd>
                </RmtInf>
            </DrctDbtTxInf>
        </PmtInf>
    </CstmrDrctDbtInitn>
</Document>